<?xml version="1.0" encoding="utf-8"?>
<record xmlns="http://www.loc.gov/MARC21/slim" xmlns:xsi="http://www.w3.org/2001/XMLSchema-instance" xsi:schemaLocation="http://www.loc.gov/MARC21/slim http://www.loc.gov/standards/marcxml/schema/MARC21slim.xsd">
	<leader>     nam a22     Mi 4500</leader>
	<controlfield tag="001">2829</controlfield>
	<controlfield tag="003">aeadna</controlfield>
	<controlfield tag="006">m        d        </controlfield>
	<controlfield tag="007">cr cn |||m|||a</controlfield>
	<controlfield tag="008">200224m19401953ua |   foe   n001 0dara|d</controlfield>
	<datafield ind1=" " ind2=" " tag="040">
		<subfield code="a">ZYU</subfield>
		<subfield code="b">ara</subfield>
		<subfield code="c">ZYU</subfield>
	</datafield>
	<datafield ind1="0" ind2=" " tag="041">
		<subfield code="a">ara</subfield>
	</datafield>
	<datafield ind1=" " ind2="4" tag="050">
		<subfield code="a">PJ7745</subfield>
		<subfield code="b">.I15</subfield>
	</datafield>
	<datafield ind1="1" ind2=" " tag="100">
		<subfield code="6">880-01</subfield>
		<subfield code="a">Ibn ʻAbd Rabbih, Aḥmad ibn Muḥammad,</subfield>
		<subfield code="d">860-940.</subfield>
	</datafield>
	<datafield ind1="0" ind2="0" tag="245">
		<subfield code="6">880-02</subfield>
		<subfield code="a">Kitāb al-ʻIqd al-farīd</subfield>
		<subfield code="h">[electronic resource] /</subfield>
		<subfield code="c">taʼlīf Abī ʻUmar Aḥmad ibn Muḥammad ibn ʻAbd Rabbih al-Andalusī ; sharaḥahu wa-dabiṭahu wa-ṣaḥḥaḥahu wa-ʻanwana mawḍūʻātahu wa-rattaba fahārisahu Aḥmad Amīn, Aḥmad al-Zayn, Ibrāhīm al-Ibyārī.</subfield>
	</datafield>
	<datafield ind1="3" ind2="0" tag="246">
		<subfield code="6">880-03</subfield>
		<subfield code="a">ʻIqd al-farīd</subfield>
	</datafield>
	<datafield ind1=" " ind2=" " tag="260">
		<subfield code="6">880-04</subfield>
		<subfield code="a">al-Qāhirah :</subfield>
		<subfield code="b">Maṭbaʻat Lajnat al-Taʼlīf wa-al-tarjamah, wa-al-Nashr,</subfield>
		<subfield code="c">1940-1953 M.</subfield>
	</datafield>
	<datafield ind1=" " ind2=" " tag="300">
		<subfield code="6">880-05</subfield>
		<subfield code="a">online resource (S, 7 v.)</subfield>
	</datafield>
	<datafield ind1=" " ind2=" " tag="500">
		<subfield code="a">Non-Latin script record</subfield>
	</datafield>
	<datafield ind1=" " ind2=" " tag="500">
		<subfield code="a">Part of the Arabic Collections Online (ACO) project, contributed by United Arab Emirates National Archives.</subfield>
	</datafield>
	<datafield ind1=" " ind2=" " tag="533">
		<subfield code="a">Electronic reproduction.</subfield>
		<subfield code="b">New York, N.Y. :</subfield>
		<subfield code="c">New York University,</subfield>
		<subfield code="d">2020.</subfield>
		<subfield code="5">NNU</subfield>
	</datafield>
	<datafield ind1=" " ind2="0" tag="650">
		<subfield code="6">880-06</subfield>
		<subfield code="a">Arabic literature</subfield>
		<subfield code="x"> History and criticism</subfield>
		<subfield code="v"> Early works to 1800. </subfield>
	</datafield>
	<datafield ind1=" " ind2="0" tag="650">
		<subfield code="6">880-07</subfield>
		<subfield code="a">Arabic language</subfield>
		<subfield code="x">Versification</subfield>
		<subfield code="v">Early works to 1800.</subfield>
	</datafield>
	<datafield ind1=" " ind2="0" tag="650">
		<subfield code="6">880-08</subfield>
		<subfield code="a">Arabic poetry</subfield>
		<subfield code="x">History and criticism</subfield>
		<subfield code="v">Early works to 1800.</subfield>
	</datafield>
	<datafield ind1=" " ind2="0" tag="650">
		<subfield code="6">880-09</subfield>
		<subfield code="a">Islamic civilization</subfield>
		<subfield code="v">Sources.</subfield>
	</datafield>
	<datafield ind1="1" ind2=" " tag="700">
		<subfield code="6">880-10</subfield>
		<subfield code="a">Ibyārī, Ibrāhīm,</subfield>
		<subfield code="d">1902-1994.</subfield>
	</datafield>
	<datafield ind1="1" ind2=" " tag="700">
		<subfield code="6">880-11</subfield>
		<subfield code="a">Zayn, A.hmad.</subfield>
	</datafield>
	<datafield ind1="1" ind2=" " tag="700">
		<subfield code="6">880-12</subfield>
		<subfield code="a">Amīn, A.hmad,</subfield>
		<subfield code="d">1886-1954.</subfield>
	</datafield>
	<datafield ind1="2" ind2=" " tag="710">
		<subfield code="a">Abu Dhabi (United Arab Emirates).</subfield>
		<subfield code="b">National Archives.</subfield>
	</datafield>
	<datafield ind1="0" ind2=" " tag="730">
		<subfield code="a">Arabic Collections Online.</subfield>
	</datafield>
	<datafield ind1="0" ind2=" " tag="775">
		<subfield code="6">880-13</subfield>
		<subfield code="a">Ibn ʻAbd Rabbih, Aḥmad ibn Muḥammad,</subfield>
		<subfield code="d">860-940.</subfield>
		<subfield code="b">T. 2.</subfield>
		<subfield code="d">[al-Qāhirah] : Maṭbʻat al-Istiqāmah, 1953 m.</subfield>
	</datafield>
	<datafield ind1="0" ind2=" " tag="775">
		<subfield code="6">880-14</subfield>
		<subfield code="a">Ibn ʻAbd Rabbih, Aḥmad ibn Muḥammad,</subfield>
		<subfield code="d">860-940.</subfield>
		<subfield code="b">T. 3.</subfield>
		<subfield code="d">Bayrūt : Dār Iḥyāʼ al-Turāth al-ʻArabī, 1999 M.</subfield>
	</datafield>
	<datafield ind1="0" ind2="8" tag="776">
		<subfield code="i">Print version:</subfield>
		<subfield code="a">Ibn ʻAbd Rabbih, Aḥmad ibn Muḥammad, 860-940.</subfield>
		<subfield code="t">Kitāb al-ʻIqd al-farīd</subfield>
		<subfield code="w">(aeadna)2829</subfield>
	</datafield>
	<datafield ind1="4" ind2="0" tag="856">
		<subfield code="u">http://hdl.handle.net/2333.1/xgxd2fvd</subfield>
	</datafield>
	<datafield ind1="1" ind2=" " tag="880">
		<subfield code="6">100-01</subfield>
		<subfield code="a">إبن عبد ربه، أحمد بن محمد،</subfield>
		<subfield code="d">860-940.</subfield>
	</datafield>
	<datafield ind1="1" ind2="0" tag="880">
		<subfield code="6">245-02</subfield>
		<subfield code="a">كتاب العقد الفريد /</subfield>
		<subfield code="c">تأليف ابي عمر بن محمد بن عبدربه الأندلسي؛ شرحه وضبطه وصححه وعنون موضوعاته ورتب فهارسه أحمد أمين، أحمد الزين، إبراهيم الابياري</subfield>
	</datafield>
	<datafield ind1="3" ind2="0" tag="880">
		<subfield code="6">246-03</subfield>
		<subfield code="a">العقد الفريد</subfield>
	</datafield>
	<datafield ind1=" " ind2=" " tag="880">
		<subfield code="6">260-04</subfield>
		<subfield code="a">القاهرة :</subfield>
		<subfield code="b">مطبعة لجنة التأليف والترجمة،</subfield>
		<subfield code="c">1940-1953 م.</subfield>
	</datafield>
	<datafield ind1=" " ind2=" " tag="880">
		<subfield code="6">300-05</subfield>
		<subfield code="a">س، 7 ج. ؛</subfield>
		<subfield code="c">28 سم.</subfield>
	</datafield>
	<datafield ind1=" " ind2=" " tag="880">
		<subfield code="6">500-00</subfield>
		<subfield code="a">المجلد السابع، 1953 : مجلد منفصل عبارة عن فهارس عدتها (12 ) فهرًسا.  وضعها:   محمد فؤاد عبد الباقي ومحمد رشاد عبد المطلب. وردت ملاحظة في فهرس الفهارس:&quot; الأرقام الخاصة بالجزء الأول في هذا الفهرس هي أرقام الطبعة الثانية منه على أن الطبعة الأولى قد ألحق بها فهرس منفصل خاص به.&quot;</subfield>
	</datafield>
	<datafield ind1=" " ind2=" " tag="880">
		<subfield code="6">500-00</subfield>
		<subfield code="a">مج1،2: 1940 .- مج3: 1942.- مج4: 1944 .- مج5: 1946       .-مج6: 1949.- مج7(الفهارس): 1953</subfield>
	</datafield>
	<datafield ind1=" " ind2=" " tag="880">
		<subfield code="6">504-00</subfield>
		<subfield code="a">يتضمن مراجع ببليوجرافية وفهارس.</subfield>
	</datafield>
	<datafield ind1="1" ind2=" " tag="880">
		<subfield code="6">505-00</subfield>
		<subfield code="t">فهارس الكتاب/</subfield>
		<subfield code="r">محمد فؤاد عبد الباقي، ومحمد رشاد عبد المطلب.</subfield>
		<subfield code="g">مج7.</subfield>
	</datafield>
	<datafield ind1=" " ind2=" " tag="880">
		<subfield code="6">520-00</subfield>
		<subfield code="a">يشتمل الكتاب على جملة من الأخبار والأمثال والحكم والمواعظ والأشعار وغيرها وهو موسوعة أدبية، تجمع بين المختارات الشعرية والنثرية، ولمحات من التاريخ والأخبار، مع الأخذ بنظرات في البلاغة والنقد مع شيء من العروض والموسيقى، وإشارات للأخلاق والعادات. قال ابن عبد ربه في المقدمة: &amp;#xab;ألفت هذا الكتاب وتخيرت جواهره من متخير جواهر الأدب ومحصول جوامع البيان، فكان جوهر الجواهر ولباب اللباب، وإنما لي فيه تأليف الاختيار وحسن الاختصار وفرش لدور كل كتاب، وما سواه فمأخوذ من أفواه العلماء ومأثور عن الحكماء والأدباء.&amp;#xbb;</subfield>
	</datafield>
	<datafield ind1=" " ind2=" " tag="880">
		<subfield code="6">541-00</subfield>
		<subfield code="a">هدية سمو الشيخ فالح بن ناصر آل ثاني إلى مركز الوثائق والدراسات - ابو ظبي (سابًقا) الأرشيف الوطني(حالًيا).</subfield>
	</datafield>
	<datafield ind1=" " ind2="4" tag="880">
		<subfield code="6">650-06</subfield>
		<subfield code="a">الأدب العربي</subfield>
		<subfield code="x">تاريخ ونقد</subfield>
		<subfield code="y">الأعمال المبكرة حتى 1800</subfield>
	</datafield>
	<datafield ind1=" " ind2="4" tag="880">
		<subfield code="6">650-07</subfield>
		<subfield code="a">اللغة العربية</subfield>
		<subfield code="x">العروض والقوافي</subfield>
		<subfield code="y">الأعمال المبكرة حتى 1800</subfield>
	</datafield>
	<datafield ind1=" " ind2="4" tag="880">
		<subfield code="6">650-08</subfield>
		<subfield code="a">الشعر العربي</subfield>
		<subfield code="x">تاريخ ونقد</subfield>
		<subfield code="y">الأعمال المبكرة حتى 1800</subfield>
	</datafield>
	<datafield ind1=" " ind2="4" tag="880">
		<subfield code="6">650-09</subfield>
		<subfield code="a">الحضارة الإسلامية</subfield>
		<subfield code="v">مصادر</subfield>
	</datafield>
	<datafield ind1="1" ind2=" " tag="880">
		<subfield code="6">700-10</subfield>
		<subfield code="a">الأبيارى، إبراهيم،</subfield>
		<subfield code="d">1902-1994،</subfield>
		<subfield code="e">محقق</subfield>
	</datafield>
	<datafield ind1="1" ind2=" " tag="880">
		<subfield code="6">700-11</subfield>
		<subfield code="a">زين، أحمد</subfield>
		<subfield code="e">شارح</subfield>
	</datafield>
	<datafield ind1="1" ind2=" " tag="880">
		<subfield code="6">700-12</subfield>
		<subfield code="a">أمين، أحمد</subfield>
		<subfield code="d">1886-1954م.</subfield>
		<subfield code="e">شارح</subfield>
	</datafield>
	<datafield ind1="0" ind2=" " tag="880">
		<subfield code="6">775-13</subfield>
		<subfield code="a">ابن عبد ربه الأندلسي، أبي عمر بن محمد،</subfield>
		<subfield code="b">ط. 2</subfield>
		<subfield code="d">[القاهرة] : مطبعة الاستقامة، 1953 م.</subfield>
		<subfield code="t">&amp;#xfffd;ال عقد الفريد /</subfield>
	</datafield>
	<datafield ind1="0" ind2=" " tag="880">
		<subfield code="6">775-14</subfield>
		<subfield code="a">ابن عبد ربه الأندلسي، أبي عمر بن محمد،</subfield>
		<subfield code="b">ط. 3.</subfield>
		<subfield code="d">بيروت : دار إحياء التراث العربي، 1999م.</subfield>
		<subfield code="t">&amp;#xfffd;ال عقد الفريد/</subfield>
	</datafield>
	<datafield ind1=" " ind2=" " tag="949">
		<subfield code="a">PJ7745 .I15 1940</subfield>
		<subfield code="v">1</subfield>
		<subfield code="w">DDC</subfield>
		<subfield code="i">30018000000636</subfield>
		<subfield code="u">06/22/2003</subfield>
		<subfield code="d">07/15/2009</subfield>
		<subfield code="n">0</subfield>
		<subfield code="t">Book</subfield>
		<subfield code="l">av</subfield>
		<subfield code="m">MAIN</subfield>
		<subfield code="x">RAR</subfield>
	</datafield>
	<datafield ind1=" " ind2=" " tag="949">
		<subfield code="a">PJ7745 .I15 1940</subfield>
		<subfield code="v">2</subfield>
		<subfield code="w">DDC</subfield>
		<subfield code="i">30018000000634</subfield>
		<subfield code="u">06/22/2003</subfield>
		<subfield code="d">07/15/2009</subfield>
		<subfield code="n">0</subfield>
		<subfield code="t">Book</subfield>
		<subfield code="l">av</subfield>
		<subfield code="m">MAIN</subfield>
		<subfield code="x">RAR</subfield>
	</datafield>
	<datafield ind1=" " ind2=" " tag="949">
		<subfield code="a">PJ7745 .I15 1940</subfield>
		<subfield code="v">3</subfield>
		<subfield code="w">DDC</subfield>
		<subfield code="i">30018000000632</subfield>
		<subfield code="u">06/22/2003</subfield>
		<subfield code="d">07/15/2009</subfield>
		<subfield code="n">0</subfield>
		<subfield code="t">Book</subfield>
		<subfield code="l">av</subfield>
		<subfield code="m">MAIN</subfield>
		<subfield code="x">RAR</subfield>
	</datafield>
	<datafield ind1=" " ind2=" " tag="949">
		<subfield code="a">PJ7745 .I15 1940</subfield>
		<subfield code="v">4</subfield>
		<subfield code="w">DDC</subfield>
		<subfield code="i">30018000000631</subfield>
		<subfield code="u">06/22/2003</subfield>
		<subfield code="d">07/15/2009</subfield>
		<subfield code="n">0</subfield>
		<subfield code="t">Book</subfield>
		<subfield code="l">av</subfield>
		<subfield code="m">MAIN</subfield>
		<subfield code="x">RAR</subfield>
	</datafield>
	<datafield ind1=" " ind2=" " tag="949">
		<subfield code="a">PJ7745 .I15 1940</subfield>
		<subfield code="v">5</subfield>
		<subfield code="w">DDC</subfield>
		<subfield code="i">30018000000630</subfield>
		<subfield code="u">06/22/2003</subfield>
		<subfield code="d">07/15/2009</subfield>
		<subfield code="n">0</subfield>
		<subfield code="t">Book</subfield>
		<subfield code="l">av</subfield>
		<subfield code="m">MAIN</subfield>
		<subfield code="x">RAR</subfield>
	</datafield>
	<datafield ind1=" " ind2=" " tag="949">
		<subfield code="a">PJ7745 .I15 1940</subfield>
		<subfield code="v">6</subfield>
		<subfield code="w">DDC</subfield>
		<subfield code="i">30018000000629</subfield>
		<subfield code="u">06/22/2003</subfield>
		<subfield code="d">07/15/2009</subfield>
		<subfield code="n">0</subfield>
		<subfield code="t">Book</subfield>
		<subfield code="l">av</subfield>
		<subfield code="m">MAIN</subfield>
		<subfield code="x">RAR</subfield>
	</datafield>
	<datafield ind1=" " ind2=" " tag="949">
		<subfield code="a">PJ7745 .I15 1940</subfield>
		<subfield code="v">7</subfield>
		<subfield code="w">DDC</subfield>
		<subfield code="i">30018000000628</subfield>
		<subfield code="u">06/22/2003</subfield>
		<subfield code="d">07/15/2009</subfield>
		<subfield code="n">0</subfield>
		<subfield code="t">Book</subfield>
		<subfield code="l">av</subfield>
		<subfield code="m">MAIN</subfield>
		<subfield code="x">RAR</subfield>
	</datafield>
	<datafield ind1=" " ind2=" " tag="959">
		<subfield code="a">NNU</subfield>
		<subfield code="b">WEB</subfield>
		<subfield code="c">GENI</subfield>
		<subfield code="t">0</subfield>
		<subfield code="m">Electronic access</subfield>
		<subfield code="s">01</subfield>
	</datafield>
	<datafield ind1=" " ind2=" " tag="999">
		<subfield code="i">aeadna_2829</subfield>
		<subfield code="s">uaena_aco000013:1</subfield>
		<subfield code="s">uaena_aco000014:2</subfield>
		<subfield code="s">uaena_aco000015:3</subfield>
		<subfield code="s">uaena_aco000016:4</subfield>
		<subfield code="s">uaena_aco000017:6</subfield>
		<subfield code="s">uaena_aco000018:7</subfield>
		<subfield code="e">(ERROR-880)(ERROR-SERIES)</subfield>
		<subfield code="s">uaena_aco000013:1</subfield>
		<subfield code="s">uaena_aco000014:2</subfield>
		<subfield code="s">uaena_aco000015:3</subfield>
		<subfield code="s">uaena_aco000016:4</subfield>
		<subfield code="s">uaena_aco000017:6</subfield>
		<subfield code="s">uaena_aco000018:7</subfield>
	</datafield>
</record>
